<?xml version="1.0" encoding="UTF-8"?><collection xmlns="http://www.loc.gov/MARC21/slim"><record><leader>00470nam--2200169-i-4500</leader><controlfield tag="001">000019723</controlfield><controlfield tag="002">20161230</controlfield><controlfield tag="005">20170128143005</controlfield><controlfield tag="008">060222s1000------------r-----000-0-eng-d</controlfield><datafield ind1=" " ind2=" " tag="080"><subfield code="a">512.573(082.1)</subfield></datafield><datafield ind1=" " ind2=" " tag="245"><subfield code="a">Representation of algebras. Proceedings</subfield></datafield><datafield ind1=" " ind2=" " tag="260"><subfield code="a">Berlin</subfield><subfield code="b">Springer-Verlag</subfield><subfield code="c">1975</subfield></datafield><datafield ind1=" " ind2=" " tag="300"><subfield code="a">XII + 378 p</subfield></datafield><datafield ind1=" " ind2=" " tag="490"><subfield code="a">Lecture Notes In Mathematics.Edited A.Dold And B.Eckmann</subfield></datafield><datafield ind1=" " ind2=" " tag="700"><subfield code="a">Gabriel, P</subfield></datafield><datafield ind1=" " ind2=" " tag="852"><subfield code="a">45398</subfield></datafield><datafield ind1=" " ind2=" " tag="CAT"><subfield code="a">SYS</subfield><subfield code="c">20170128</subfield><subfield code="h">143005</subfield></datafield></record></collection>